<?xml version="1.0" encoding="UTF-8"?><record xmlns="http://www.loc.gov/MARC21/slim" xmlns:cinclude="http://apache.org/cocoon/include/1.0" xmlns:zs="http://www.loc.gov/zing/srw/">
  <leader>00472nz  a2200145n  4500</leader>
  <controlfield tag="001">no2008054972</controlfield>
  <controlfield tag="003">DLC</controlfield>
  <controlfield tag="005">20080412080439.0</controlfield>
  <controlfield tag="008">071228n| acannaabn          |n ana     c</controlfield>
  <datafield tag="010" ind1=" " ind2=" ">
    <subfield code="a">no2008054972</subfield>
  </datafield>
  <datafield tag="035" ind1=" " ind2=" ">
    <subfield code="a">(OCoLC)oca07731449</subfield>
  </datafield>
  <datafield tag="040" ind1=" " ind2=" ">
    <subfield code="a">MdSsNOAA</subfield>
    <subfield code="b">eng</subfield>
    <subfield code="c">MdSsNOAA</subfield>
  </datafield>
  <datafield tag="110" ind1="2" ind2=" ">
    <subfield code="a">Gadus Associates</subfield>
  </datafield>
  <datafield tag="670" ind1=" " ind2=" ">
    <subfield code="a">Gadus Associates' bibliography of the effects of fishing gear on the seabed and benthic communities, 2002:</subfield>
    <subfield code="b">t.p. (Gadus Associates)</subfield>
  </datafield>
  <datafield tag="675" ind1=" " ind2=" ">
    <subfield code="a">AMICUS, Apr. 10, 2008</subfield>
  </datafield>
</record>